@book{church1941lambda,
	title={The Calculi of Lambda-Conversion},
	author={Alonzo Church},
	number={6},
	year={1941},
	publisher={Princeton University Press}
}

@article{rojas2015lambdatutorial,
  author    = {Ra{\'{u}}l Rojas},
  title     = {A Tutorial Introduction to the Lambda Calculus},
  journal   = {CoRR},
  volume    = {abs/1503.09060},
  year      = {2015},
  url       = {http://arxiv.org/abs/1503.09060},
  timestamp = {Thu, 09 Apr 2015 11:33:20 +0200},
  biburl    = {http://dblp.uni-trier.de/rec/bib/journals/corr/Rojas15},
  bibsource = {dblp computer science bibliography, http://dblp.org}
}

@article{penrose1991emperor,
	title={The emperor's new mind},
	author={Penrose, Roger},
	journal={RSA Journal},
	volume={139},
	number={5420},
	pages={506--514},
	year={1991},
	publisher={JSTOR}
}

@article{tromp2007binary,
	title={Binary lambda calculus and combinatory logic},
	author={Tromp, John},
	journal={Randomness and Complexity, from Leibniz to Chaitin},
	pages={237--260},
	year={2007}
}

@article{turing1936computablenumbers,
	title={On computable numbers, with an application to the Entscheidungsproblem},
	author={Turing, Alan},
	journal={J. of Math},
	volume={58},
	pages={345--363},
	year={1936}
}

@article{rojas1998z3universal,
  title={How to make Zuse's Z3 a universal computer},
  author={Rojas, Ra{\'u}l},
  journal={IEEE Annals of the History of Computing},
  volume={20},
  number={3},
  pages={51--54},
  year={1998},
  publisher={IEEE}
}

@article{rojas1997z3architecture,
  title={Konrad Zuse's legacy: the architecture of the Z1 and Z3},
  author={Rojas, Ra{\'u}l},
  journal={IEEE Annals of the History of Computing},
  volume={19},
  number={2},
  pages={5--16},
  year={1997},
  publisher={IEEE}
}

@article{ibarra1983control,
  title={On the control power of integer division},
  author={Ibarra, Oscar H and Moran, Shlomo and Rosier, Louis E},
  journal={Theoretical Computer Science},
  volume={24},
  number={1},
  pages={35--52},
  year={1983},
  publisher={Elsevier}
}

@misc{napperWEB17baby,
  title = {{The Manchester Small Scale Experimental Machine}},
  author = {Napper, Brian},
  howpublished = {\url{http://curation.cs.manchester.ac.uk/computer50/www.computer50.org/mark1/new.baby.html}},
  year   = {1999 (Accessed 05-06-2017)}
}

@article{copeland2002ctt,
  title={The church-turing thesis},
  author={Copeland, B Jack},
  journal={Stanford encyclopedia of philosophy},
  year={2002}
}

@article{barendregt1984introduction,
  title={Introduction to lambda calculus},
  author={Barendregt, Henk P},
  year={1984}
}